@Article{         hairer2009introduction,
  title         = {An introduction to stochastic PDEs},
  author        = {Hairer, Martin},
  journal       = {arXiv preprint arXiv:0907.4178},
  year          = {2009}
}

@article{kratschmer2023kolmogorov,
  title={A Kolmogorov--Chentsov type theorem on general metric spaces with applications to limit theorems for Banach-valued processes},
  author={Kr{\"a}tschmer, Volker and Urusov, Mikhail},
  journal={Journal of Theoretical Probability},
  volume={36},
  number={3},
  pages={1454--1486},
  year={2023},
  publisher={Springer}
}

@book{talagrand2022upper,
  title={Upper and lower bounds for stochastic processes: decomposition theorems},
  author={Talagrand, Michel},
  volume={60},
  year={2022},
  publisher={Springer Nature}
}

@Book{            kallenberg2021,
  author        = {Kallenberg, Olav},
  title         = {Foundations of modern probability},
  series        = {Probability Theory and Stochastic Modelling},
  volume        = {99},
  publisher     = {Springer Nature Switzerland},
  edition       = {Third Edition},
  year          = {2021},
  pages         = {193},
  isbn          = {978-3-030-61870-4; 978-3-030-61871-1},
  doi           = {10.1007/978-3-030-61871-1},
  url           = {https://doi.org/10.1007/978-3-030-61871-1}
}

@article{Beiglböck_Schachermayer_Veliyev_2012,
title={A short proof of the Doob–Meyer theorem},
volume={122},
ISSN={0304-4149},
DOI={10.1016/j.spa.2011.12.001},
abstractNote={Every submartingale S of class D has a unique Doob–Meyer decomposition S=M+A, where M is a martingale and A is a predictable increasing process starting at 0. We provide a short proof of the Doob–Meyer decomposition theorem. Several previously known arguments are included to keep the paper self-contained.},
number={4},
journal={Stochastic Processes and their Applications},
author={Beiglböck, Mathias and Schachermayer, Walter and Veliyev, Bezirgen},
year={2012}, month=apr, pages={1204–1209} }

@book{pascucci2024,
 address={Cham},
 series={UNITEXT},
 title={Probability Theory II: Stochastic Calculus},
 volume={166},
 rights={https://www.springernature.com/gp/researchers/text-and-data-mining},
 ISBN={978-3-031-63192-4},
 url={https://link.springer.com/10.1007/978-3-031-63193-1},
 DOI={10.1007/978-3-031-63193-1},
 publisher={Springer Nature Switzerland},
 author={Pascucci, Andrea},
 year={2024},
 collection={UNITEXT},
 language={en} }

@misc{almostsuremath,
  author = {Lowther, George},
  title = {Almost Sure - A random mathematical blog},
  howpublished = {\url{https://almostsuremath.com}},
  note = {Accessed: 2025-09-14}
}
